
@STRING(PRL="Phys. Rev. Lett.")
@STRING(RMP="Rev. Mod. Phys.")
 
 
@INPROCEEDINGS{harvardaging:qhe,
   AUTHOR="K. Smith and M. Seltzer",
   TITLE="{File System Aging}",
   BOOKTITLE = "Proceedings of the 1997 Sigmetrics Conference",
   ADDRESS = "Seattle, WA",
   YEAR="1997",
   MONTH="June",
   PAGES="203-213",
   NOTE="online"
}


@INPROCEEDINGS{rocketscience:qhe,
  AUTHOR =       "V. Tarasov and S. Bhanage and E. Zadok and M. Seltzer",
  TITLE =        "{Benchmarking File System Benchmarking: It *IS* Rocket Science}",
  BOOKTITLE =    "Proceedings of HotOS XIII:The 13th USENIX Workshop on Hot Topics in Operating Systems",
  ADDRESS =      "Napa, CA",
  MONTH =        "May",
  YEAR =         "2011",
}


@ARTICLE{fsbench-article:qhe,
  AUTHOR =       "A. Traeger and N. Joukov and C. P. Wright and E. Zadok",
  TITLE =        "{A Nine Year Study of File System and Storage Benchmarking}",
  JOURNAL =      "ACM Transactions on Storage (TOS)",
  YEAR =         "2008",
  MONTH =        "May",
  VOLUME =       "4",
  NUMBER =       "2",
  PAGES =        "25--80"
  }
  
  
@INPROCEEDINGS{windows2006:qhe,
  AUTHOR =       "G. Nijs and A. Biesheuvel and A. Denissen and N. Lambert",
  TITLE =        "{The Effects of Filesystem Fragmentation}",
  BOOKTITLE =    "Proceedings of Linux Symposium, Volume One",
  ADDRESS =      "Ottawa, Ontario, Canada",
  MONTH =        "July",
  YEAR =         "2006",
}